@article{barannikov2021representation,
  title={Representation Topology Divergence: A Method for Comparing Neural Network Representations},
  author={Barannikov, Serguei and Trofimov, Ilya and Balabin, Nikita and Burnaev, Evgeny},
  journal={arXiv preprint arXiv:2201.00058},
  year={2021}
}

@book{dostoyevsky2017crime,
  title={Crime and punishment},
  author={Dostoyevsky, Fyodor},
  year={2017},
  publisher={Oxford University Press}
}
@article{исмоилова2020интерполяция,
  title={Интерполяция функции},
  author={Исмоилова, Махсума Нарзикуловна and Имомова, Шафоат Махмудовна},
  journal={Вестник науки и образования},
  number={3-3 (81)},
  pages={5--8},
  year={2020},
  publisher={ООО {\guillemotleft}Олимп{\guillemotright}}
}